@book{sedra2007microeletronica,
  title={Microeletr{\^o}nica},
  author={Sedra, A.S. and Smith, K.C.},
  isbn={9788576050223},
  url={https://books.google.com.br/books?id=o7S2MQAACAAJ},
  year={2007},
  publisher={PRENTICE HALL BRASIL}
}